@article{smith2019title,
  title={Title Of Great Paper},
  author={Smith, Joe},
  year={2019},
  journal={Working Paper},
  url={https://arxiv.org/abs/000000.00000}
}

@article{smith2020title,
  title={Title Of Great Paper},
  author={Smith, Joe},
  year={2020},
  journal={Working Paper},
  url={https://arxiv.org/abs/000000.00000}
}

@article{doe1515title,
  title={Title Of Great Paper},
  author={Doe, John},
  year={1515},
  journal={Working Paper},
  url={https://arxiv.org/abs/000000.00000}
}